@book{utilidad,
title="Astronomical Spectroscopy for Amateurs",
author="Ken M. Harrison",
year="2011",
publisher="Switzerland, Springer"	
}
@phdthesis{troccoli,
title="El estudio de las lineas espectrales usadas en espectroscopia analítica.",
author="Osvaldo Enrique Troccoli", 
year="1973",
school="UNIVERSIDAD DE BUENOS AIRES FACULTAD DE CIENCIAS
EXACTAS Y NATURALES Departamento de química Inorgánica y Analítica",
}
@book{libro,
title="Analysis and Interpretation of
Astronomical Spectra",
author="Richard Walker",
year="2012",
publisher=""	
}
@phdthesis{articulo1,
title="Espectroscopia Astronómica",
author="Viviana Beltrán B. (257822)", 
year="",
school="Universidad Nacional de Colombia-Sede Bogotá",
}
@book{libro2,
title="Astronomical
Spectroscopy for
Amateurs",
author="Ken M. Harrison",
year="",
publisher="Springer"	
}
@book{plank,
title="Radiación de Cuerpo Negro - Gas de fotones",
author="V\'ictor Romero Roch\'in",
year="2015",
publisher="Instituto de F\'isica. Universidad Nacional Autónoma de M\'exico."	
}
%%%%%%%%%%%%%%%%%%PAGINA WEB:
@misc{gra6,
title="La radiación de cuerpo negro, hipótesis de Planck",
publisher="Fisicoquímica",
howpublished="\url{http://www.quimicafisica.com/radiacion-cuerpo-negro-hipotesis-planck.html}",
note="Accedido: 2020-03-3"
}
@misc{gra7,
title="SBIG STXL Camera Series",
publisher="Buytelescopes",
howpublished="\url{https://www.buytelescopes.com/product_downloadable_files/STXL%20Product%20Documentation_132166.pdf}",
note="Accedido: 2020-03-10"
}

@book{echell,
title="Installation & Maintenance Manual",
author="Shelyak Instruments",
year="2011",
publisher="Shelyak Instruments"	
}




















%%%%%%%%%%%%%%%%%%PAGINA WEB:
@misc{compton,
title="Efecto compton y efecto compton inverso",
publisher="Harvard-Smithsonian Center for Astrophysics",
howpublished="\url{http://chandra.harvard.edu/xray_astro/xrays.html}",
note="Accedido: 2018-07-16"
}
@book{libro123,
title="Analysis and Interpretation of
Astronomical Spectra",
author="Richard Walker",
year="2012",
publisher=""	
}
%%%%%%%%% JENNIFER CITAS
@article{augerextra,
title="Searches for Large-Scale Anisotropy in the Arrival Directions of Cosmic Rays Detected above Energy of $10^{19}$ eV at the Pierre Auger Observatory and the Telescope Array",
author="Aab, A. and others",
journal="Astrophys. J.",
volume="794",
number="2",
pages="172",
year="2014"
}

@book{mauro:oxigen,
title="Particles and Astrophysics, A multi-messenger approach",
author="Spurio, M.",
year="2015",
publisher="Switzerland, Springer"	
}

@book{PDG,
title="Review of Particle Physics",
author="Patrignani, C., et al.",
collaboration="Particle Data Group",
volume="C40",
year="2016",
published="Chin. Phys."
}

@phdthesis{asorey,
title="Los Detectores Cherenkov del Observatorio Pierre Auger y su Aplicación al Estudio de Fondos de Radiación",
author="Asorey, H.", 
year="2012",
school="Instituto Balseiro, Universidad Nacional de Cuyo, Comisión Nacional de Enrgía Atómica",
}

@book{Griffiths,
title="Introduction to elementary particles; 2nd rev. version",
author="Griffiths, D.J.",
year="2008",
publisher="Wiley"
}

@book{gaisser1990,
title="Cosmic Rays and Particle Physics",
author="Gaisser, T.K.",
year="1990",
publisher="Cambridge University Press"
}

@techreport{Heck1998,
title="CORSIKA : A Monte Carlo Code to Simulate Extensive Air Showers",
author="Heck, D. and Knapp, J. and Capdevielle, J.N. and Schatz, G. and Thouw, T.",
institution="Forschungszentrum Karlsruhe GmbH",
number ="FZKA 6019",
pages = "1--98",
year = "1998"
}

@book{heitler,
title="Quantum theory of radiation",
author="Heitler, W.",
year="1954",
edition="3rd ed.",
publisher="International Series of Monographs on Physics, Oxford"
}

@inproceedings{AsoreyLAGO,
title="LAGO: the Latin American Giant Observatory",
author="H Asorey and  S Dasso and {LAGO Collaboration}",
booktitle="The 34th International Cosmic Ray Conference",
volume="PoS(ICRC2015)",
pages="247",
year="2015"
}

@misc{compton,
title="Efecto compton y efecto compton inverso",
publisher="Harvard-Smithsonian Center for Astrophysics",
howpublished="\url{http://chandra.harvard.edu/xray_astro/xrays.html}",
note="Accedido: 2018-07-16"
}

@misc{kit,
title="Simulación del Institut für Kernphysik, Forschungszentrum Karlsruhe",
author="Oehlschläger, J. and Engel, R.",
howpublished="\url{https://web.ikp.kit.edu/corsika/movies/Movies.htm}",
note="Accedido: 2018-07-16"
} 

@inproceedings{lagoSW,
title="Preliminary Results From the Latin American Giant Observatory Space Weather Simulation Chain",
author="H. Asorey, L. Núñez \& M. Suárez-Durán",
journal="Space Weather",
pages="461-475",
year="2018"
}

@misc{mauro:tesis,
  author       = {Suarez-Duran, M.}, 
  title        = {Instalación de un detector Chérenkov de agua para la detección de trazas de rayos cósmicos a 956 metros sobre el nivel del mar},
  year         = 2011,
  note         = {Tesis de pregrado, Escuela de F\'isica, Universidad Industrial de Santander, Colombia}
}

@book{handbook:chem,
title="CRC Handbook of chemistry and Physics",
author=" Weast, R.C. Selby, S. M. and  Hodgman, C. D.",
year="1986",
publisher="The Chemical Rubber Co"
}

@misc{andrei,
title="Estimación de la respuesta de un detector Chérenkov de agua al fondo de rayos cósmicos en Bucaramanga (956 M S.N.M).",
author="Jaimes-Motta, A.",
year="2018",
note= {Tesis de pregrado, Escuela de F\'isica, Universidad Industrial de Santander, Colombia}
}

@inproceedings{GDASpaper,
title="Global Atmospheric Models for Cosmic Ray Detectors",
author="Martin Will for the Pierre Auger Collaboration",
booktitle="Atmohead Workshop",
year="2013",
}

@article{GDAS,
title="The Global Land Data Assimilation System",
author="Rodell, M. and Houser P. R. and Jambor U. and Gottschalck J. and Mitchell K. and Meng C.-J. and Arsenault K. and Cosgrove B. and Radakovich J. and Bosilovich M. and Entin J. K. and Walker J. P. and Lohmann D. and Toll D.",
journal="Bulletin of the American Meteorological Society",
volume="85",
number="3",
pages="381-394",
year="2004"
}


@article{lagoSWchain,
title = "Preliminary results from the latin american giant observatory space weather simulation chain. Space Weather",
author="Asorey, H., Núñez, L.A. y Suárez-Durán, M.",
journal="Space Weather",
volume="16",
number="5",
pages="461-475",
year="2018"
}

@article{GEANT4,
author="Agostinelli, S. et al.",
title="GEANT4: A Simulation toolkit",
journal="Nucl. Instrum. Meth.",
volume="A506",
pages="250 - 303",
year="2003"
}

@book{Meteo1,
   title =     {Essentials of Meteorology: An Invitation to the Atmosphere},
   author =    {C. Donald Ahrens},
   publisher = {Brooks Cole},
   year =      {2011},
   edition =   {6},
}

@misc{NOAA,
title="Average temperature profile for the lower layers of the atmosphere",
author="JetStream, National Weather Service",
howpublished="\url{https://www.weather.gov/jetstream/layers}",
note="Accedido: 2019-07-8"
}

@misc{NOAA2,
title="Where is space?",
author="NESDIS NewsArticles, Satellite and Information Service, NOAA",
howpublished="\url{https://www.nesdis.noaa.gov/content/where-space}",
note="Accedido: 2019-07-8"
}

@article{Alania,
author = {Alania,Marco  and Araya,Ignacio J.  and Gómez,Adolfo V. Chamorro  and Huerta,Humberto Martínez  and Flores,Alejandra Parra  and Knapp,Johannes },
title = {Air Shower Simulations},
journal = {AIP Conference Proceedings},
volume = {1123},
year = {2009},
}

@article{Allen,
	author = {{Allen, Jeff} and {Castellina, Antonella} and {Engel, Ralph} and {Kasahara, Katsuaki} and {Knurenko, Stanislav} and {Pierog, Tanguy} and {Sabourov, Artem} and {Stokes, Benjamin T.} and {Ulrich, Ralf} and {Sako, Takashi} and {Ostapchenko, Sergey}},
	title = {Air shower simulation and hadronic interactions},
	journal = {EPJ Web of Conferences},
	year = 2013,
	volume = 53,
}

@article{Auger,
  title = {Extensive Cosmic-Ray Showers},
  author = {Auger, Pierre and Ehrenfest, P. and Maze, R. and Daudin, J. and Fr\'eon, Robley A.},
  journal = {Rev. Mod. Phys.},
  volume = {11},
  year = {1939},
  publisher = {American Physical Society},
}

@Article{Engel2018,
author="Engel, Ralph
and Heck, Dieter
and Huege, Tim
and Pierog, Tanguy
and Reininghaus, Maximilian
and Riehn, Felix
and Ulrich, Ralf
and Unger, Michael
and Veberi{\v{c}}, Darko",
title="Towards A Next Generation of CORSIKA: A Framework for the Simulation of Particle Cascades in Astroparticle Physics",
journal="Computing and Software for Big Science",
year="2018",
month="Dec",
day="18",
volume="3",
number="1",
pages="2",
}

@article{EGS4,
author = "R. Nelson, W and Namito, Yoshihito",
title = "The EGS4 Code System: Solution of gamma-ray and electron transport problems",
year = "1990",
}

@book{EGS4book,
author="A. Nahum, Theodore M. ,R. Walter ,R. Alessandro ",
title= "Monte Carlo Transport of Electrons and Photons",
publisher="Springer US",
year="1988",
edition="1",
}

@article{RANMAR1,
author = {Zaman, Arif and Marsaglia, George},
year = {1990},
title = {Random selection of subsets with specified element probabilities},
volume = {19},
journal = {Communications in Statistics-theory and Methods - COMMUN STATIST-THEOR METHOD},
}

@article{RANMAR2,
author = {James, F.},
year = {1980},
month = {09},
pages = {1145-1189},
title = {Monte Carlo theory and practice},
volume = {43},
journal = {Reports on Progress in Physics - REP PROGR PHYS},
}

@Article{Alner1986,
author="{UA5 Collaboration}
and Alner, G. J.
and Ansorge, R. E.
and {\AA}sman, B.
and Booth, C. N.
and Burow, L.
and Carlson, P.
and DeWolf, R. S.
and Drees, A.
and Eckart, B.
and Ekspong, G.
and Evangelou, I.
and Eyring, A.
and Fabre, J. -P.
and Fuglesang, C.
and Gaudaen, J.
and Geich-Gimbel, C.
and Holl, B.
and Hospes, R.
and Johnson, D. P.
and Jon-And, K.
and Lotse, F.
and Manthos, N.
and Meinke, R.
and Munday, D. J.
and Ovens, J. E. V.
and Pelzer, W.
and Reidy, J. J.
and Rushbrooke, J. C.
and Schmickler, H.
and Triantis, F.
and Van hamme, L.
and Walck, C.
and Ward, C. P.
and Ward, D. R.
and Webber, C. J. S.
and White, T. O.
and Wilquet, G.
and Yamdagni, N.",
title="Scaling of pseudorapidity distributions at c.m. energies up to 0.9 TeV",
journal="Zeitschrift f{\"u}r Physik C Particles and Fields",
year="1986",
volume="33",
number="1",
}

@article{GDAS_Auger,
      author         = "Abreu, P. and others",
      title          = "{Description of Atmospheric Conditions at the Pierre
                        Auger Observatory using the Global Data Assimilation
                        System (GDAS)}",
      collaboration  = "Pierre Auger",
      journal        = "Astropart. Phys.",
      volume         = "35",
      year           = "2012",
      pages          = "591-607",
}


@misc{GDAS_data,
title= "Global Data Assimilation System (GDAS1)",
author="NOAA Air Resources Laboratory (ARL)",
howpublished="\url{ftp://arlftp.arlhq.noaa.gov/pub/archives/gdas1/}",
note="Accedido: 2019-07-8"
}

@misc{GFS,
title= "Global Forecast System (GFS)",
author="NOAA Air Resources Laboratory (ARL)",
howpublished="\url{https://www.ncdc.noaa.gov/data-access/model-data/model-datasets/global-forcast-system-gfs}",
note="Accedido: 2019-07-8"
}

@article{GAP_2011,
      author         = "Will, M. and Keilhauer, B. ",
      title          = "{Monthly Average Profiles for CORSIKA and Offline Based on Data from the Global Data Asimilation System (GDAS)}",
      collaboration  = "Karlsruher Institut für Technologie for Pierre Auger Collaborarion",
      year           = "2011",
}

@article{GAP_2011NEW,
      author         = "Keilhauer, Bianca and Will, Martin",
      title          = "{Description of Atmospheric Conditions at the Pierre
                        Auger Observatory Using Meteorological Measurements and
                        Models}",
      collaboration  = "Pierre Auger",
      journal        = "Eur. Phys. J. Plus",
      volume         = "127",
      year           = "2012",
}
@article{Xmax,
  title = {Depth of maximum of air-shower profiles at the Pierre Auger Observatory. I. Measurements at energies above $1{0}^{17.8}\text{  }\mathrm{eV}$},
  author = {Aab, A. and Abreu, P.},
  collaboration = {Pierre Auger Collaboration},
  journal = {Phys. Rev. D},
  volume = {90},
  year = {2014},
  publisher = {American Physical Society}
}
@inproceedings{Model,
  author={Christian Sarmiento-cano and M. Suarez-Dur{\'a}n and Adriana V{\'a}squez-Ram{\'i}rez and A. Jaimes-Motta and R. Calder'on-Ardila and Jes{\'u}s Pe{\~n}a-Rodr{\'i}guez},
  title={Modeling the LAGO's detectors response to secondary particles at ground level from the Antarctic to Mexico},
  journal={Proceeding of science},
  year={2019}
}
@misc{MuTe,
    title={Simulated Response of MuTe, a Hybrid Muon Telescope},
    author={A. Vásquez-Ramírez and M. Suárez-Durán and A. Jaimes-Motta and R. Calderón-Ardila and J. Peña-Rodríguez and J. Sánchez-Villafrades and J. D. Sanabria-Gómez and H. Asorey and L. A. Núñez},
    year={2019},
    eprint={1912.10081},
    archivePrefix={arXiv},
    primaryClass={physics.ins-det}
}

@article{Mu-Ray,
	year = 2014,
	publisher = {{IOP} Publishing},
	volume = {9},
	number = {02},
	pages = {C02029--C02029},
	author = {F Ambrosino and A Anastasio and D Basta and L Bonechi and M Brianzi and A Bross and S Callier and A Caputo and R Ciaranfi and L Cimmino and R D{\textquotesingle}Alessandro and L D{\textquotesingle}Auria and C de La Taille and S Energico and F Garufi and F Giudicepietro and A Lauria and G Macedonio and M Martini and V Masone and C Mattone and M C Montesi and P Noli and M Orazi and G Passeggio and R Peluso and A Pla-Dalmau and L Raux and P Rubinov and G Saracino and E Scarlini and G Scarpato and G Sekhniaidze and O Starodubtsev and P Strolin and A Taketa and H K M Tanaka and A Vanzanella and L Viliani},
	title = {The {MU}-{RAY} project: detector technology and first data from Mt. Vesuvius},
	journal = {Journal of Instrumentation}
}

@misc{Datos,
author = {AMB, Base de Datos disponible en RACIMO},
title = {Datos de temperatura para la ciudad de Bucaramanga},
howpublished= {\url{http://racimo.mpsig.com/default/reportes/detallado}}
}